@book{mn15,
   address = {Boston},
   author = {McKusick, Marshall Kirk. and George V. Neville-Neil},
   edition = {2nd},
   publisher = {Addison-Wesley Print},
   title = {The Design and Implementation of the FreeBSD Operating System},
   year = {2015},
}

@book{1ris12,
   address = {Redmond, WA},
   author = {Russinovich, Mark E. and Alex Ionescu and David A. Solomon},
   publisher = {Microsoft ; O'Reilly Print},
   title = {Windows Internals, Part 1},
   year = {2012},
}

@book{2ris12,
   address = {Redmond, WA},
   author = {Russinovich, Mark E. and Alex Ionescu and David A. Solomon},
   publisher = {Microsoft ; O'Reilly Print},
   title = {Windows Internals, Part 2},
   year = {2012},
}


@book{l05,
   address = {Indianapolis, IN},
   author = {Love, Robert},
   publisher = {Novell Print},
   title = {Linux Kernel Development},
   year = {2005},
}

